<?xml version="1.0" encoding="UTF-8"?>
<collection xmlns:xsi="http://www.w3.org/2001/XMLSchema-instance" xsi:schemaLocation="http://www.loc.gov/MARC21/slim http://www.loc.gov/standards/marcxml/schema/MARC21slim.xsd" xmlns="http://www.loc.gov/MARC21/slim">
<record>
  <leader>02085cam a22003851a 4500</leader>
  <controlfield tag="001">668267</controlfield>
  <controlfield tag="003">NNC</controlfield>
  <controlfield tag="005">20131118215439.0</controlfield>
  <controlfield tag="008">880720q1954    ua h     b    001 0 ara  </controlfield>
  <datafield tag="010" ind1=" " ind2=" ">
    <subfield code="a">   87960059 </subfield>
  </datafield>
  <datafield tag="035" ind1=" " ind2=" ">
    <subfield code="a">(OCoLC)18364644</subfield>
  </datafield>
  <datafield tag="035" ind1=" " ind2=" ">
    <subfield code="a">(OCoLC)ocm18364644</subfield>
  </datafield>
  <datafield tag="035" ind1=" " ind2=" ">
    <subfield code="a">(CStRLIN)NYCG88-B54491</subfield>
  </datafield>
  <datafield tag="035" ind1=" " ind2=" ">
    <subfield code="9">ACX6586CU</subfield>
  </datafield>
  <datafield tag="035" ind1=" " ind2=" ">
    <subfield code="a">(NNC)668267</subfield>
  </datafield>
  <datafield tag="040" ind1=" " ind2=" ">
    <subfield code="d">CtY</subfield>
  </datafield>
  <datafield tag="050" ind1="0" ind2=" ">
    <subfield code="a">PJ6131.M35</subfield>
    <subfield code="b">K584 1900z</subfield>
  </datafield>
  <datafield tag="066" ind1=" " ind2=" ">
    <subfield code="c">(3</subfield>
  </datafield>
  <datafield tag="100" ind1="1" ind2=" ">
    <subfield code="6">880-01</subfield>
    <subfield code="a">Ibn Jinnī, Abū al-Fatḥ ʻUthmān,</subfield>
    <subfield code="d">-1002.</subfield>
  </datafield>
  <datafield tag="245" ind1="1" ind2="3">
    <subfield code="6">880-02</subfield>
    <subfield code="a">al-Munṣif /</subfield>
    <subfield code="c">sharḥ Abī al-Fatḥ ʻUthmān ibn Jinnī al-Naḥwī li-Kitāb al-taṣrīf / li-Abī ʻUthmān al-Māzinī al-Naḥwī al-Baṣrī ; bi-taḥqīq Ibrāhīm Muṣṭafá, ʻAbd Allāh Amīn.</subfield>
  </datafield>
  <datafield tag="260" ind1=" " ind2=" ">
    <subfield code="6">880-03</subfield>
    <subfield code="a">[Cairo], Miṣr :</subfield>
    <subfield code="b">Muṣṭafá al-Bābī al-Ḥalabī,</subfield>
    <subfield code="c">[1954]</subfield>
  </datafield>
  <datafield tag="300" ind1=" " ind2=" ">
    <subfield code="a">3 v. :</subfield>
    <subfield code="b">facsims. ;</subfield>
    <subfield code="c">24 cm.</subfield>
  </datafield>
  <datafield tag="500" ind1=" " ind2=" ">
    <subfield code="a">Reprint. Originally published: al-Ṭabʻah 1. [Cairo] : Wizārat al-Maʻārif al-ʻUmūmīyah, Idārat Iḥyāʾ al-Turāth al-Qadīm, Idārat al-Thaqāfah al-ʻĀmmah, 1954-1960.</subfield>
  </datafield>
  <datafield tag="504" ind1=" " ind2=" ">
    <subfield code="a">Includes bibliographical references and indexes.</subfield>
  </datafield>
  <datafield tag="600" ind1="1" ind2="0">
    <subfield code="a">Māzinī, Bakr ibn Muḥammad,</subfield>
    <subfield code="d">active 9th century.</subfield>
    <subfield code="t">Kitāb al-taṣrīf.</subfield>
  </datafield>
  <datafield tag="650" ind1=" " ind2="0">
    <subfield code="a">Arabic language</subfield>
    <subfield code="x">Morphology</subfield>
    <subfield code="v">Early works to 1800.</subfield>
  </datafield>
  <datafield tag="700" ind1="1" ind2="2">
    <subfield code="a">Māzinī, Bakr ibn Muḥammad,</subfield>
    <subfield code="d">active 9th century.</subfield>
    <subfield code="t">Kitāb al-taṣrīf.</subfield>
  </datafield>
  <datafield tag="700" ind1="1" ind2=" ">
    <subfield code="6">880-04</subfield>
    <subfield code="a">Muṣṭafá, Ibrāhīm.</subfield>
  </datafield>
  <datafield tag="700" ind1="1" ind2=" ">
    <subfield code="6">880-05</subfield>
    <subfield code="a">Amīn, ʻAbd Allāh.</subfield>
  </datafield>
  <datafield tag="880" ind1="1" ind2=" ">
    <subfield code="6">100-01/(3/r</subfield>
    <subfield code="a">ابن جني، أبو الفتح عثمان.</subfield>
  </datafield>
  <datafield tag="880" ind1="1" ind2="2">
    <subfield code="6">245-02/(3/r</subfield>
    <subfield code="a">المنصف /</subfield>
    <subfield code="c">شرح أبي الفتح عثمان بن جني النحوي لكتاب التصريف / لأبي عثمان المازني النحوي البصري ؛ بتحقيق ابراهيم مصطفى، عبد الله أمين.</subfield>
  </datafield>
  <datafield tag="880" ind1=" " ind2=" ">
    <subfield code="6">260-03/(3/r</subfield>
    <subfield code="a">[القاهرة]، مصر :</subfield>
    <subfield code="b">مصطفى البابي الحلبي،</subfield>
    <subfield code="c">[19--]</subfield>
  </datafield>
  <datafield tag="880" ind1="1" ind2=" ">
    <subfield code="6">700-04/(3/r</subfield>
    <subfield code="a">مصطفى، ابراهيم.</subfield>
  </datafield>
  <datafield tag="880" ind1="1" ind2=" ">
    <subfield code="6">700-05/(3/r</subfield>
    <subfield code="a">أمين، عبد الله.</subfield>
  </datafield>
  <datafield tag="955" ind1=" " ind2=" ">
    <subfield code="b">CU01092251</subfield>
    <subfield code="d">off,glx</subfield>
    <subfield code="e">PJ6131.M35 K584 1900z</subfield>
    <subfield code="v">v. 2</subfield>
  </datafield>
</record>
</collection>